@misc{ wiki:asl,
    author = "{Wikipedia contributors}",
    title = "American Sign Language --- {Wikipedia}{,} The Free Encyclopedia",
    year = "2018",
    howpublished = "\url{https://en.wikipedia.org/w/index.php?title=American_Sign_Language&oldid=859986021}",
    note = "[Online; accessed 8-October-2018]"
  }
@misc{ kaggle:mnist_asl,
    author = "{tecperson}",
    title = "Sign Language MNIST",
    year = "2018",
    howpublished = "\url{https://www.kaggle.com/datamunge/sign-language-mnist}",
    note = "[Online; accessed 8-October-2018]"
  }
@INPROCEEDINGS{Lecun98gradient-basedlearning,
    author = {Yann Lecun and LÃ©on Bottou and Yoshua Bengio and Patrick Haffner},
    title = {Gradient-based learning applied to document recognition},
    booktitle = {Proceedings of the IEEE},
    year = {1998},
    pages = {2278--2324}
}
@misc{PeterMoran,
    author = {Moran, Peter},
    title = {CSI Cameras on the TX2 (The Easy Way)},
    journal = {Peter Moran's Blog},
    type = {Blog},
    number = {August 29, 2017},
    year = {2017},
    howpublished = {\url{http://petermoran.org/csi-cameras-on-tx2/}}
}
@misc{Budy,
    author = { Budy K. Ir},
    title = {Resize thousands of images with Python},
    journal = {DZone},
    type = {Blog},
    number = {Mar. 18, 2014},
    year = {2014},
    howpublished = {\url{https://dzone.com/articles/resize-thousands-images-python}}
}